<?xml version="1.0" encoding="UTF-8"?><record xmlns="http://www.loc.gov/MARC21/slim" xmlns:cinclude="http://apache.org/cocoon/include/1.0" xmlns:zs="http://www.loc.gov/zing/srw/">
  <leader>00402nz  a2200145n  4500</leader>
  <controlfield tag="001">no 97007204 </controlfield>
  <controlfield tag="003">DLC</controlfield>
  <controlfield tag="005">19970204054652.1</controlfield>
  <controlfield tag="008">970203n| acannaab|          |n aaa     c</controlfield>
  <datafield tag="010" ind1=" " ind2=" ">
    <subfield code="a">no 97007204 </subfield>
  </datafield>
  <datafield tag="035" ind1=" " ind2=" ">
    <subfield code="a">(OCoLC)oca04261986 </subfield>
  </datafield>
  <datafield tag="040" ind1=" " ind2=" ">
    <subfield code="a">DJBF</subfield>
    <subfield code="c">DJBF</subfield>
  </datafield>
  <datafield tag="100" ind1="1" ind2="0">
    <subfield code="a">Pazos, Javier,</subfield>
    <subfield code="d">1936-</subfield>
  </datafield>
  <datafield tag="670" ind1=" " ind2=" ">
    <subfield code="a">Latin America, 1973:</subfield>
    <subfield code="b">t.p. (Javier Pazos)</subfield>
  </datafield>
  <datafield tag="670" ind1=" " ind2=" ">
    <subfield code="a">OCLC, Feb. 3, 1997</subfield>
    <subfield code="b">(hdg.: Pazos, Javier, 1936-)</subfield>
  </datafield>
</record>